<?xml version="1.0" encoding="UTF-8"?><collection xmlns="http://www.loc.gov/MARC21/slim"><record><leader>00439nam--2200157-i-4500</leader><controlfield tag="001">000002020</controlfield><controlfield tag="002">20161230</controlfield><controlfield tag="005">20170111000140</controlfield><controlfield tag="008">060222s1000------------r-----000-0-eng-d</controlfield><datafield ind1=" " ind2=" " tag="100"><subfield code="a">Goldsmid, H. J</subfield></datafield><datafield ind1=" " ind2=" " tag="245"><subfield code="a">Thermoelectric cooling</subfield></datafield><datafield ind1=" " ind2=" " tag="260"><subfield code="a">Wembley</subfield><subfield code="b">Mdd.Research Lab. Of The General Electric Co.Ltd</subfield><subfield code="c">1959</subfield></datafield><datafield ind1=" " ind2=" " tag="300"><subfield code="a">16 p. + 4 Fig</subfield></datafield><datafield ind1=" " ind2=" " tag="490"><subfield code="a">Proc.Of The Inst. Of Refrigeration</subfield></datafield><datafield ind1=" " ind2=" " tag="852"><subfield code="a">5839</subfield></datafield><datafield ind1=" " ind2=" " tag="CAT"><subfield code="a">SYS</subfield><subfield code="c">20170111</subfield><subfield code="h">000140</subfield></datafield></record></collection>